% Encoding: windows-1252

@misc{leitfaden-digitale-ersthelfer,
  title = {Leitfaden zur Reaktion auf IT-Sicherheitsvorfälle für Digitale Ersthelfer},
  author = {Bundesamt für Sicherheit in der Informationstechnik},
  url  =  {https://www.bsi.bund.de/SharedDocs/Downloads/DE/BSI/CSN/210712_Leitfaden_Digitaler_Ersthelfer.pdf?__blob=publicationFile&v=8},
  note = {Zugegriffen am 13.05.2022},
}

@misc{der-spionagefall-des-jahres,
  title = {Der Spionagefall des Jahres},
  author = {Patrick Beuth},
  publisher = {Spiegel},
  url  =  {https://www.spiegel.de/netzwelt/netzpolitik/solarwinds-hack-der-spionagefall-des-jahres-a-0b728cc4-d375-4cb9-9450-3635ca8172a0},
  note = {Zugegriffen am 13.05.2022},
}

@misc{briefing-it-sig-2.0,
  title = {IT-Sicherheitsgesetz 2.0 – Briefing},
  author = {OpenKRITIS},
  url  =  {https://www.openkritis.de/r/Briefing_IT-Sicherheitsgesetz_2_0_DE.pdf},
  note = {Zugegriffen am 13.05.2022},
  year = {2022},
}

@misc{kritis-gesetzgebung,
  title = {KRITIS-Gesetzgebung},
  author = {OpenKRITIS},
  url  =  {https://www.openkritis.de/it-sicherheitsgesetz/gesetzgebung-kritis-bsig.html},
  note = {Zugegriffen am 13.05.2022},
}

@misc{neue-it-sig-2.0,
  title = {Das neue IT-Sicherheitsgesetz 2.0},
  author = {OpenKRITIS},
  url  =  {https://www.openkritis.de/it-sicherheitsgesetz/ausblick-it-sicherheitsgesetz-2-0.html},
  note = {Zugegriffen am 14.05.2022},
}

@misc{eu-nis-rce,
  title = {Der europäische Kontext},
  author = {OpenKRITIS},
  url  =  {https://www.openkritis.de/it-sicherheitsgesetz/eu-kritis-europa.html},
  note = {Zugegriffen am 13.05.2022},
}

@misc{umsetzung-it-sig-1.0-bsi,
  title = {Die Umsetzung des IT-Sicherheitsgesetzes aus Sicht des BSI},
  author = {Nora Apel},
  publisher = {Bundesamt für sicherheit in der Informationstechnik},
  url  =  {https://www.bsi.bund.de/SharedDocs/Downloads/DE/BSI/Veranstaltungen/Grundschutz/2GS-Tag_2017/Apel_Die_Umsetzung_des_IT_Sicherheitsgesetzes.pdf?__blob=publicationFile&v=2},
  note = {Zugegriffen am 13.05.2022},
}

@misc{eu-verordnungen-richtlinien-sonst,
  title = {Verordnungen, Richtlinien und sonstige Rechtsakte},
  author = {Europäische Kommission (Generaldirektion Kommunikation)},
  url  =  {https://european-union.europa.eu/institutions-law-budget/law/types-legislation_de},
  note = {Zugegriffen am 13.05.2022},
}

@misc{gesetz-zur-umsetzung-der-nis-richtlinie,
  title = {Gesetz zur Umsetzung der NIS-Richtlinie},
  author = {Bundesamt für Sicherheit in der Informationstechnik},
  url  =  {https://www.bsi.bund.de/DE/Das-BSI/Auftrag/Gesetze-und-Verordnungen/NIS-Richtlinie/nis-richtlinie_node.html},
  note = {Zugegriffen am 13.05.2022},
}

@misc{it-sig-2.0-vierter-entwurf-24h,
  title = {IT-Sicherheitsgesetz 2.0 – vierter Entwurf: Jetzt vom BMI nur noch 24h Zeit zur Kommentierung},
  author = {AG KRITIS},
  url  =  {https://ag.kritis.info/2020/12/09/it-sicherheitsgesetz-2-0-vierter-entwurf-jetzt-vom-bmi-nur-noch-24h-zeit-zur-kommentierung/},
  note = {Zugegriffen am 13.05.2022},
  year = {2020},
}

@misc{it-sig-2.0-alle-vers,
  title = {IT-Sicherheitsgesetz 2.0 – alle verfügbaren Versionen},
  author = {Manuel Atug},
  publisher = {AG KRITIS},
  url  =  {https://ag.kritis.info/2021/05/19/it-sicherheitsgesetz-2-0-alle-verfuegbaren-versionen/},
  note = {Zugegriffen am 13.05.2022},
  year = {2021},
}

@misc{intrusion-prevention-system,
  title = {Was ist ein Intrusion Prevention System (IPS)?},
  author = {Marcel (SecureBits)},
  publisher = {SecureBits},
  url  =  {https://secure-bits.org/intrusion-prevention-system/#signaturbasierte-angriffserkennung},
  note = {Zugegriffen am 14.05.2022},
  year = {2021},
}

@misc{siem,
  title = {Was ist ein SIEM?},
  author = {Dipl.-Ing. (FH) Stefan Luber and Peter Schmitz},
  url  =  {https://www.security-insider.de/was-ist-ein-siem-a-772821/},
  note = {Zugegriffen am 14.05.2022},
  year = {2018},
}

@misc{soc,
  title = {Was ist ein SIEM?},
  author = {Johannes Potschies and Peter Schmitz},
  url  =  {https://www.security-insider.de/kernfaehigkeiten-eines-security-operations-center-soc-a-581897/},
  note = {Zugegriffen am 14.05.2022},
  year = {2018},
}

@misc{webinarreihe-it-sig-2.0-auftakt,
  title = {Webinarreihe zum IT-Sicherheitsgesetz 2.0 (Auftaktveranstaltung)},
  author = {Andreas Könen and Frank Brech and Ali Gülerman and Klaus Mochalski and Daniel beyer and Alexander Harsch},
  url  =  {https://info.rhebo.com/de/webinarreihe-zum-it-sicherheitsgesetz},
  note = {Zugegriffen am 14.05.2022},
  year = {2021},
}

@misc{bsi-wird-zur-hackerbehoerde,
  title = {BSI wird zur Hackerbehörde: IT-Sicherheitsgesetz 2.0},
  author = {Antonia Frank},
  url  =  {https://tarnkappe.info/artikel/it-sicherheitsgesetz-2-0-bsi-wird-zur-hackerbehoerde-33581.html},
  note = {Zugegriffen am 15.05.2022},
  year = {2019},
}

@misc{it-sig-2.0-bundestag-baut-bsi-zur-hackerbehoerde-aus,
  title = {IT-Sicherheitsgesetz 2.0: Bundestag baut BSI zur Hackerbehörde aus},
  author = {Stefan Krempl},
  url  =  {https://www.heise.de/news/IT-Sicherheitsgesetz-2-0-Bundestag-baut-BSI-zur-Hackerbehoerde-aus-6026709.html},
  note = {Zugegriffen am 15.05.2022},
  year = {2021},
}

@misc{entwurf-hackerbehoerde,
  title = {Wir veröffentlichen den Entwurf, der das BSI zur Hackerbehörde machen soll},
  author = {Andre Meister and Anna Biselli},
  url  =  {https://netzpolitik.org/2019/it-sicherheitsgesetz-2-0-wir-veroeffentlichen-den-entwurf-der-das-bsi-zur-hackerbehoerde-machen-soll/},
  note = {Zugegriffen am 15.05.2022},
  year = {2019},
}

@misc{seehofer-bsi-hackerbehoerde,
  title = {Seehofer will BSI zur Hackerbehörde ausbauen},
  author = {Andre Meister},
  url  =  {https://netzpolitik.org/2020/seehofer-will-bsi-zur-hackerbehoerde-ausbauen/},
  note = {Zugegriffen am 15.05.2022},
  year = {2020},
}

@misc{shodan-dashboard-exposure-germany,
  title = {Germany – Internet Exposure Dashboard},
  author = {Shodan},
  url  =  {https://exposure.shodan.io/#/DE},
  note = {Zugegriffen am 15.05.2022},
}

@misc{bsi-ics,
  title = {Industrielle Steuerungs- und Automatisierungssysteme (ICS)},
  author = {Bundesamt für Sicherheit in der Informationstechnik},
  url  =  {https://www.bsi.bund.de/DE/Themen/Unternehmen-und-Organisationen/Informationen-und-Empfehlungen/Empfehlungen-nach-Angriffszielen/Industrielle-Steuerungs-und-Automatisierungssysteme/industrielle-steuerungs-automatisierungssysteme_node.html},
  note = {Zugegriffen am 15.05.2022},
}

@misc{bussgelder-in-kritis,
  title = {Bußgelder in KRITIS},
  author = {OpenKRITIS},
  url  =  {https://www.openkritis.de/betreiber/bussgelder-kritis-bsig.html},
  note = {Zugegriffen am 15.05.2022},
}

@misc{kritis-verodnun-2021,
  title = {Die KRITIS-Verordnung 2021},
  author = {OpenKRITIS},
  url  =  {https://www.openkritis.de/it-sicherheitsgesetz/kritis-verordnung-2-0.html},
  note = {Zugegriffen am 17.05.2022},
}

@misc{artikelgesetz,
  title = {Artikelgesetz},
  author = {Deutscher Bundestag},
  url = {https://www.bundestag.de/services/glossar/glossar/A/artikelgesetz-245330},
  note = {Zugegriffen am 19.05.2022},
}
